@misc{aviagen,
    author = "\url{http://en.aviagen.com/}",
    year = "November 2015"
}
@book{ross,
    title = "\href{http://en.aviagen.com/assets/Tech_Center/Ross_Broiler/Ross-Broiler-Handbook-2014i-EN.pdf}{Ross Broiler Handbook}",
    year = "2014",
    publisher = "Aviagen"
}
@book{model,
    title = "\href{https://wis.fit.vutbr.cz/FIT/st/course-files-st.php/course/IMS-IT/lectures/IMS.pdf#page=7}{Slajdy do předmětu modelování a simulace, slajd 7}",
    author = "Petr Peringer",
    year = "2015"
}
@book{concept_model,
    title = "\href{https://wis.fit.vutbr.cz/FIT/st/course-files-st.php/course/IMS-IT/lectures/IMS.pdf#page=48}{Slajdy do předmětu modelování a simulace, slajd 48}",
    author = "Petr Peringer",
    year = "2015"
}
@book{simulation_model,
    title = "\href{https://wis.fit.vutbr.cz/FIT/st/course-files-st.php/course/IMS-IT/lectures/IMS.pdf#page=44}{Slajdy do předmětu modelování a simulace, slajd 44}",
    author = "Petr Peringer",
    year = "2015"
}
@book{abstract_model,
    title = "\href{https://wis.fit.vutbr.cz/FIT/st/course-files-st.php/course/IMS-IT/lectures/IMS.pdf#page=42}{Slajdy do předmětu modelování a simulace, slajd 42}",
    author = "Petr Peringer",
    year = "2015"
}